@incollection{Ru99a,
   author = {Rump, {S.M.}},
   title = {{INTLAB - INTerval LABoratory}},
   editor = {Tibor Csendes},
   booktitle = {{Developments~in~Reliable Computing}},
   publisher = {Kluwer Academic Publishers},
   address = {Dordrecht},
   pages = {77--104},
   year = {1999},
   note = {\url{http://www.ti3.tuhh.de/rump/}}
}
@manual{kamtutorial,
   author = {De la Llave, Rafael},
   title = {A tutorial on KAM theory},
   year = {2001},
   month = {01},
   pages = {},
   doi = {10.1090/pspum/069/1858536}
}
@article{parampaper,
	title = {Parameterization of invariant manifolds  by reducibility for volume preserving and symplectic maps},
	journal = {Discrete \& Continuous Dynamical Systems - A},
	volume = {32},
	number = {1078-0947\_2012\_12\_4321},
	pages = {4321},
	year = {2012},
	note = {},
	issn = {1078-0947},
	doi = {10.3934/dcds.2012.32.4321},
	url = {http://aimsciences.org//article/id/df5d5499-439d-4563-870f-329c75d16dfc},
	author = {Rafael de la Llave, Jason D. Mireles James},
}
@article{intervalanalysis,
	author = {Hargreaves, Gareth},
	year = {2002},
	month = {02},
	pages = {},
	journal = {Numerical Analysis Report},
	volume = {No. 416},
	title = {Interval Analysis in MATLAB}
}